<?xml version="1.0" encoding="UTF-8"?><collection xmlns="http://www.loc.gov/MARC21/slim"><record><leader>00508nam--2200181-i-4500</leader><controlfield tag="001">000011742</controlfield><controlfield tag="002">20161230</controlfield><controlfield tag="005">20161230201029</controlfield><controlfield tag="008">060222s1000------------r-----000-0-eng-d</controlfield><datafield ind1=" " ind2=" " tag="040"><subfield code="a">IFIN-HH</subfield></datafield><datafield ind1=" " ind2=" " tag="080"><subfield code="a">535:530.145:621.375.826</subfield></datafield><datafield ind1="1" ind2=" " tag="100"><subfield code="a">Nussenzveig, H.M</subfield></datafield><datafield ind1="1" ind2="0" tag="245"><subfield code="a">Introduction to quantum optics</subfield><subfield code="c">H.m. nussenzveig</subfield></datafield><datafield ind1=" " ind2=" " tag="260"><subfield code="a">PARIS</subfield><subfield code="b">Gordon And Breach Science Publishers</subfield><subfield code="c">1973</subfield></datafield><datafield ind1=" " ind2=" " tag="300"><subfield code="a">246 P</subfield></datafield><datafield ind1=" " ind2=" " tag="490"><subfield code="a">Documents On Modern Physics</subfield></datafield><datafield ind1=" " ind2=" " tag="852"><subfield code="a">43655</subfield><subfield code="c">535</subfield></datafield><datafield ind1=" " ind2=" " tag="CAT"><subfield code="a">Sys</subfield><subfield code="c">20101108</subfield><subfield code="h">155425</subfield></datafield></record></collection>